@book{算法导论,
  title={算法导论(原书第3版)},
  author={Thomas and H.Cormen and Charles and E.Leiserson and Ronald and L.Rivest and Clifford and Stein and 殷建平 and 徐云},
  edition={Third},
  publisher={机械工业出版社},
  year={2013},
}